%% This BibTeX bibliography file was created using BibDesk.
%% http://bibdesk.sourceforge.net/


%% Created for Gabriel Rodrigues at 2011-01-30 17:33:35 -0200 


%% Saved with string encoding Unicode (UTF-8) 

@article{stodden_best_2014,
	title = {Best Practices for Computational Science: Software Infrastructure and Environments for Reproducible and Extensible Research},
	volume = {2},
	issn = {2049-9647},
	url = {http://openresearchsoftware.metajnl.com/article/view/jors.ay},
	abstract = {The goal of this article is to coalesce a discussion around best practices for scholarly research that utilizes computational methods, by providing a formalized set of best practice recommendations to guide computational scientists and other stakeholders wishing to disseminate reproducible research, facilitate innovation by enabling data and code re-use, and enable broader communication of the output of computational scientific research. Scholarly dissemination and communication standards are changing to reflect the increasingly computational nature of scholarly research, primarily to include the sharing of the data and code associated with published results. We also present these Best Practices as a living, evolving, and changing document at http://wiki.stodden.net/Best\_Practices.},
	number = {1},
	journal = {Journal of Open Research Software},
	author = {Stodden, Victoria and Miguez, Sheila},
	year = {2014},
	keywords = {archiving, best practices, code sharing, computational science, data sharing, open science, reproducible research, scientific method, wiki},
	file = {The Scientific Method in Practice - Reproducibility in the Computational Sciences.pdf:D\:\\Dropbox\\acad\\reproducible_research\\The Scientific Method in Practice - Reproducibility in the Computational Sciences.pdf:application/pdf}
}

@misc{maven,
	title = {Maven – Welcome to Apache Maven},
	url = {http://maven.apache.org/},
	urldate = {2014-10-26},
	file = {Maven – Welcome to Apache Maven:C\:\\Users\\grodrigues\\AppData\\Roaming\\Zotero\\Zotero\\Profiles\\0k3vqg9k.default\\zotero\\storage\\VJXIJZ63\\maven.apache.org.html:text/html}
}

@misc{gradle,
	title = {Gradle - Build Automation Evolved},
	url = {http://www.gradle.org/},
	urldate = {2014-10-26},
	file = {Gradle - Build Automation Evolved:C\:\\Users\\grodrigues\\AppData\\Roaming\\Zotero\\Zotero\\Profiles\\0k3vqg9k.default\\zotero\\storage\\RMB25FZW\\www.gradle.org.html:text/html}
}

@misc{npm,
	title = {npm},
	url = {https://www.npmjs.org/},
	urldate = {2014-10-26},
	file = {npm:C\:\\Users\\grodrigues\\AppData\\Roaming\\Zotero\\Zotero\\Profiles\\0k3vqg9k.default\\zotero\\storage\\NBT4P4XW\\www.npmjs.org.html:text/html}
}

@misc{vagrant,
	title = {Vagrant},
	url = {https://www.vagrantup.com/},
	urldate = {2014-10-26},
	file = {Vagrant:C\:\\Users\\grodrigues\\AppData\\Roaming\\Zotero\\Zotero\\Profiles\\0k3vqg9k.default\\zotero\\storage\\V4TFPXUQ\\www.vagrantup.com.html:text/html}
}

@misc{setuptools,
	title = {setuptools : Python Package Index},
	url = {https://pypi.python.org/pypi/setuptools},
	urldate = {2014-10-26},
	file = {setuptools 7.0 \: Python Package Index:C\:\\Users\\grodrigues\\AppData\\Roaming\\Zotero\\Zotero\\Profiles\\0k3vqg9k.default\\zotero\\storage\\W2IHU5U4\\setuptools.html:text/html}
}

@article{moraila_measuring_2013,
	title = {Measuring Reproducibility in Computer Systems Research},
	author = {Moraila, Gina and Shankaran, Akash and Shi, Zuoming and Warren, Alex M},
	year = {2013},
	file = {Measuring Reproducibility in Computer Systems Research.pdf:C\:\\Users\\grodrigues\\AppData\\Roaming\\Zotero\\Zotero\\Profiles\\0k3vqg9k.default\\zotero\\storage\\SX98K292\\Measuring Reproducibility in Computer Systems Research.pdf:application/pdf}
}

@inproceedings{bang_2013,
 author = {Bang, Soon K. and Chung, Sam and Choh, Young and Dupuis, Marc},
 title = {A Grounded Theory Analysis of Modern Web Applications: Knowledge, Skills, and Abilities for DevOps},
 booktitle = {Proceedings of the 2Nd Annual Conference on Research in Information Technology},
 series = {RIIT '13},
 year = {2013},
 isbn = {978-1-4503-2494-6},
 location = {Orlando, Florida, USA},
 pages = {61--62},
 numpages = {2},
 url = {http://doi.acm.org/10.1145/2512209.2512229},
 doi = {10.1145/2512209.2512229},
 acmid = {2512229},
 publisher = {ACM},
 address = {New York, NY, USA},
 keywords = {devops, grounded theory, knowledge, skills and abilities} }

 @article{spinellis_20123,
author={Spinellis, D.},
journal={Software, IEEE},
title={Package Management Systems},
year={2012},
month={March},
volume={29},
number={2},
pages={84-86},
keywords={software maintenance;software packages;development operations;package management system;package manager;software collection;software development process;software installation;software maintenance;Maintenance engineering;Product management;Software libraries;Software reusability;DevOps;module dependencies;package management system;shared library;software reuse},
doi={10.1109/MS.2012.38},
ISSN={0740-7459} }

@article{spinellis_20127,
author={Spinellis, D.},
journal={Software, IEEE},
title={Don't Install Software by Hand},
year={2012},
month={July},
volume={29},
number={4},
pages={86-87},
keywords={CFEngine;Chef;DevOps;IT-system configuration management;Puppet;infrastructure as code},
doi={10.1109/MS.2012.85},
ISSN={0740-7459},}

@misc{eclipse,
   author = "Eclipse",
   title = "Eclipse",
   year = "2011",
   url = "http://eclipse.org/",
   note = "Acessado em 29/07/2011"
 }

@misc{ subversion,
   title = "Subversion",
   key = "Subversion",
   note = " Disponivel em: <\url{http://subversion.apache.org/}>. Acesso em: 29 de setembro de 2011"
}

@misc{ mediawiki,
   title = "Mediawiki",
   key = "Mediawiki",
   note = " Disponivel em: <\url{http://www.mediawiki.org/wiki/MediaWiki}>. Acesso em: 29 de setembro de 2011"
}
@misc{ entreprise_archtect,
   title = "Entreprise Archtect",
   key = "Entreprise Archtect",
   note = " Disponivel em: <\url{http://www.sparxsystems.com.au/products/ea/8/index.html}>. Acesso em: 29 de setembro de 2011"
}

@misc{ trac,
   title = "Trac",
   key = "Trac",
   note = " Disponivel em: <\url{http://trac.edgewall.org/}>. Acesso em: 29 de setembro de 2011"
}

@misc{ agilo,
   title = "Agilo",
   key = "Agilo",
   note = " Disponivel em: <\url{http://www.agile42.com/cms/pages/agilo}>. Acesso em: 29 de setembro de 2011"
}

@misc{mct2010,
	author = {MCT},
	Date-Added = {2011-01-28 17:46:12 -0200},
	Date-Modified = {2011-01-28 17:57:29 -0200},
	Month = {jan},
	Title = {Pesquisa de Qualidade no Setor de Software Brasileiro 2009},
	Url = {www.mct.gov.br Acessado em 29/07/2011},
	Year = {2011},
	Bdsk-Url-1 = {www.mct.gov.br}}

@misc{MartinFowler2005,
	author = {Martin Fowler},
	Date-Added = {2010-07-17 19:06:37 -0300},
	Date-Modified = {2010-08-30 15:58:43 -0300},
	Keywords = {agile methodology, engineering methodologies, Scrum, XP},
	Lastchecked = {30/08/2010},
	Rating = {5},
	Read = {0},
	Title = {The New Methodology},
	Url = {http://martinfowler.com/articles/newMethodology.html Acessado em 29/07/2011},
	Urldate = {30/08/2010},
	Year = {2005},
	Bdsk-Url-1 = {http://martinfowler.com/articles/newMethodology.html}}

@misc{agilemanifesto2001,
	author = {Manifesto for Agile Software Development},
	Date-Added = {2010-08-30 15:17:21 -0300},
	Date-Modified = {2010-08-30 15:57:11 -0300},
	Keywords = {agile development},
	Lastchecked = {2010},
	Title = {Kent Beck et al},
	Url = {http://agilemanifesto.org/ Acessado em 29/07/2011},
	Urldate = {2010},
	Year = {2001},
	Bdsk-Url-1 = {http://agilemanifesto.org/}}

@article{cibse2010,
	author = {Marcos Kalinowski and Gleison Santos and Sheila Reinehr and Mariano Montoni and Ana Regina Rocha and Kival Chaves Weber and Guilherme Horta Travassos},
	Date-Added = {2011-01-28 17:59:52 -0200},
	Date-Modified = {2011-01-28 18:02:53 -0200},
	Journal = {Congresso Ibero-americano sobre "Engenharia de software" (CIbSE)},
	Title = {MPS.BR: Promovendo a Ado{\c c}{\~a}o de Boas Pr{\'a}ticas de Engenharia de Software pela Ind{\'u}stria Brasileira},
	Year = {2010}}


@article{johnson2000,
	author = {Johnson and Philip M. and Carleton A. Moore and Joseph A. Dane and Robert S. Brewer},
	Date-Added = {2011-01-26 01:51:14 -0200},
	Date-Modified = {2011-01-26 01:53:13 -0200},
	Journal = {IEEE Software},
	Keywords = {estimating effort},
	Title = {Emprically Guided Software Effort Estimation},
	Year = {2000}}

@book{cohn2005,
	author = {Mike Cohn},
	Date-Added = {2011-01-26 00:15:10 -0200},
	Date-Modified = {2011-01-26 00:17:33 -0200},
	Keywords = {agile development, estimating, planning},
	Publisher = {Prentice-Hall},
	Title = {Agile Estimating and Planning},
	Year = {2005}}

@book{pilone2003,
	author = {Dan Pilone},
	Date-Added = {2011-01-25 00:00:57 -0200},
	Date-Modified = {2011-01-25 00:03:56 -0200},
	Publisher = {O'Reilly Media},
	Title = {UML Pocket Reference},
	Year = {2003}}

@manual{rup2002,
	author = {Rational Software Corporation},
	Date-Added = {2011-01-24 22:55:29 -0200},
	Date-Modified = {2011-01-24 23:03:00 -0200},
	Keywords = {RUP},
	Organization = {Rational Software Corporation},
	Publisher = {Rational Software Corporation},
	Title = {Rational Unified Process 2002.05.00},
	Year = {2002}}

@article{Schwaber2002,
	author = {Kane Mar and Ken Schwaber},
	Date-Added = {2010-10-27 21:43:20 -0200},
	Date-Modified = {2010-10-27 21:45:36 -0200},
	Journal = {Informit},
	Title = {Scrum with XP},
	Year = {2002},
	Bdsk-Url-1 = {http://www.informit.com/articles/article.aspx?p=26057}}

@manual{guiampsbr2009,
	author = {SOFTEX},
	Date-Added = {2010-09-17 17:19:56 -0300},
	Date-Modified = {2010-09-17 17:22:36 -0300},
	Keywords = {MPS.BR, MR-MPS.BR},
	Month = {maio},
	Organization = {SOFTEX},
	Title = {MPS.BR: Guia Geral},
	Year = {2009}}

@book{Schwaber2004,
	author = {Ken Schwaber},
	Date-Added = {2010-09-08 20:36:36 -0300},
	Date-Modified = {2010-09-08 20:38:07 -0300},
	Edition = {1},
	Keywords = {Scrum, project management, agile method},
	Publisher = {Microsoft Press},
	Title = {Agile Project Management with Scrum},
	Year = {2004}}

@article{rildo2009,
	author = {Rildo F. Santos},
	Date-Added = {2010-08-31 14:42:02 -0300},
	Date-Modified = {2010-08-31 14:44:07 -0300},
	Title = {SCRUM Experience v 16},
	Year = {2009}}

@unpublished{Schwaber2009,
	author = {Ken Schwaber and Jeff Sutherland},
	Date-Added = {2010-08-30 16:12:43 -0300},
	Date-Modified = {2010-09-08 22:39:07 -0300},
	Keywords = {Scrum},
	Note = {Scrum.org},
	Title = {Scrum Guide},
	Year = {2009}}


@book{Kerth2001,
	author = {Norman L. Kerth},
	Date-Added = {2010-07-28 01:09:17 -0300},
	Date-Modified = {2010-07-28 01:10:36 -0300},
	Keywords = {project retrospectives team reviews},
	Publisher = {Dorset House Publishing Company},
	Title = {Project Retrospectives: A Handbook for Team Reviews},
	Year = {2001}}

@book{Austin1996,
	author = {Robert D. Austin},
	Date-Added = {2010-07-28 01:06:02 -0300},
	Date-Modified = {2010-07-28 01:08:10 -0300},
	Keywords = {measuring managing performance organizations},
	Publisher = {Dorset House Publishing Company},
	Title = {Measuring and Managing Performance in Organizations},
	Year = {1996}}

@book{Kanigel1997,
	author = {Robert Kanigel},
	Date-Added = {2010-07-28 01:01:52 -0300},
	Date-Modified = {2010-07-28 01:08:46 -0300},
	Keywords = {taylor efficiency},
	Publisher = {Penguin},
	Title = {The One Best Way: Frederick Winslow Taylor and the Enigma of Efficiency},
	Year = {1997}}

@article{Cockburn1999,
	author = {Alistair A.R. Cockburn},
	Date-Added = {2010-07-28 00:58:55 -0300},
	Date-Modified = {2010-07-28 01:01:09 -0300},
	Keywords = {people non-linear first-order components software development},
	Title = {Characterizing people as non-linear, first-order components in software development},
	Year = {1999}}

@article{Reeves1992,
	author = {Jack W. Reeves},
	Date-Added = {2010-07-28 00:52:13 -0300},
	Date-Modified = {2010-07-28 00:54:20 -0300},
	Journal = {C++ Journal},
	Keywords = {software design},
	Title = {What is Software Design?},
	Year = {1992}}

@book{McConnell1996,
	author = {Steve McConnell},
	Date-Added = {2010-07-28 00:46:59 -0300},
	Date-Modified = {2010-07-28 00:51:49 -0300},
	Edition = {1 edition},
	Keywords = {rapid development taming schedule},
	Month = {july},
	Publisher = {Microsoft Press},
	Title = {Rapid Development: Taming Wild Software Schedules},
	Year = {1996}}


@article{Lethbridge2005,
	Affiliation = {School of Information Technology and Engineering University of Ottawa Ottawa Ontario K1N 6N5 Canada},
	Annote = {Introdu{\c c}{\~a}o
	-Engenharia de Software lida com pessoas.
	-Quais os precessos para pesquisar pessoas?
	-T{\'e}cnicas vindas da: sociologia, psicologia an hci.
	-T{\'e}cnicas de estudo de campo
	-Diferentes utiliza{\c c}{\~o}es
		-achar requisitos para ferramentas e ambientes de software
		-melhorias das pr{\'a}ticas de trabalho em engenharia de software
		-analise dos resultados pode basear novas teorias e hip{\'o}teses que podem ser submetidas a valida{\c c}{\~a}o experimentasl posterior
	
Coleta de Dados
	- Um m{\'e}todo sempre apresenta falhas
	- Geralmente {\'e} melhor utilizar diferentes m{\'e}todos de coleta de dados e ent{\~a}o triangular as pr{\'a}ticas de trabalho. 
	
	-Taxonomia
		-Categorias: 
			-Primeiro Grau
				Contato direto
			-Segundo Grau
				Coletam dados para o pesquisador
			-Terceiro Grau
				An{\'a}lise dos artefatos
		-Cada categoria reflete o tipo de dado que pode ser coletado, os recursos necess{\'a}rios, a flexibilidade disponivel para o pesquisador e a confian{\c c}a da informa{\c c}{\~a}o obtida.
		-A escolha do m{\'e}todo deve ser feita no contexto dos objetivos
		-Primeiro passo defini{\c c}{\~a}o de um conjunto bem definido de objetivos
		-Objetivos da pesquisa > formula{\c c}{\~a}o das questoes de pesquisa > projeto de pesquisa > escolha da t{\'e}cnica de coleta de dados.  3 fatores: o grau de acesso aos engenheiros de software, volume de daddos produzidos e tipo de pergunta de pesquisa.

T{\'e}cnicas de Primeiro Grau
	T{\'e}cnicas inquisitavas, permitem obter uma id{\'e}ia geral do processo de Engenharia de Software. Mas s{\~a}o muitas vezes subjetivas e nunca permitem medida de tempo precisa. {\'E} mais dif{\'\i}cil analisar os dados e exigem conhecimento para interpretar corretamente.

Brainstorming e Grupo focal

	Em um brainstorm muitas pessoas se reunem e focam em um problema com o objetivo de recolher o maior n{\'u}mero poss{\'\i}vel de id{\'e}ias, sem estar limitado a id{\'e}ias consideradas boas ou que fa{\c c}am sentido de imediato.
	Brainstorm funciona melhor com um moderador porque o moderador pode motivar o grupo e o manter focado. Brainstorm funciona melhor quando existe uma "pergutna gatilho" simples a ser respondida. Ent{\~a}o a todos {\'e} dada a chance de contribuir. 

	Grupo focal ocorre quando grupos de pessoas se reunem para focar em um problema em particular e n{\~a}o para apenar gerar id{\'e}ias. O moderador tamb{\'e}m tem um pap{\'e}l {\'u}til no grupo focal, focando o grupo e garantindo que todo mundo pode participar.*mais em(Nielsen,1997)
(Lethbridge and Laganie`re, 2001)
 (Baddoo and Hall, 2002a,b; Beecham et al., 2003; Rainer and Hall, 2003)

Vantagens:
	Excelente formas de coleta de dados quando se {\'e} novo em um dom{\'\i}nio e procurando id{\'e}ias para explorar futuramente. S{\~a}o m{\'e}todos bons para rapidamente identificar o que {\'e} importante para os participantes.

Desvantagens
	Ao menos que o moderador seja muito bem treinado pode perder de mais o foco. Apenas proque os participantes levantam um problema particular isso n{\~a}o significa que este seja realmente relevante em seu trabalho di{\'a}rio. As vezes {\'e} dif{\'\i}cil agendar uma sess{\~a}o com a agenda ocupada dos engenheiros de software.

Entrevistas e  Questionarios

	Ambos centrados em fazer perguntas. Perguntas podem ser fechadas ou abertas mas {\'e} sempre bom que ao menos uma {\'u}ltima pergunta seja aberta. 
	Perguntas e formul{\'a}rios devem ser elaborados com aten{\c c}{\~a}o para assegurar que a obten{\c c}{\~a}o de dados ser{\'a} significativa.

Vantagens -  pessoas est{\~a}o familiares em responder peguntas oralmente ou por escrito.
Desvantagens - entrevistas dependem da auto descri{\c c}{\~a}o de atitudes e comportamentos dos respondentes o que pode destorcer os resultados de muitas formas. 

Entrevistas

Vantagens: Entrevistas s{\~a}o altamente interativas. Pesquisadores podem esclarecer perguntas para os resondentes e questionar respostas inesperadas. Entrevistadores podem tamb{\'e}m construir conex{\~a}o com os respondentes para almentar a qualidade das respostas.

Desvantagens: se os dados das entrevistas consistem de grava{\c c}{\~o}es em v{\'\i}deo ou audio isso precisa ser transcrito e/ou codificado. Mas uma cuidadosa anota{\c c}{\~a}o pode ser uma alternativa adequada a grava{\c c}{\~a}o de audio e v{\'\i}deo.

Observa{\c c}{\~a}o Participativa (juntando-se a equipe)

No m{\'e}todo observador-participante o pesquisador faz parte da equipe de desenvolvimento, o que permite um alto grau de familiaridade do pesquisador com os membros da equipe. Como resultado os engenheiros de software ficam confort{\'a}veis e  n{\~a}o notam estar sendo observados.

Vantagens: Conforto dos engenheiros de sofware. O pesquisador entende profundamente as atividades ap{\'o}s executa-las ele mesmo no contexto da equipe de desenvolvimento.

Desvantagens: O pesquisador que fica muito envolvido pode perder perspectiva no fen{\^o}meno observado. 
Mais em:(Seaman and Basili, 1998)
(Porter et al., 1997)

Segundo Grau

Instrumenta{\c c}{\~a}o de sistema
Instrumenta{\c c}{\~a}o {\'e} usada para gravar informa{\c c}{\~o}es automaticamente sobre o uso das perrramentas. A instrumenta{\c c}{\~a}o pode ser usada para gravar com que frequencia uma ferramenta ou funcionalidade {\'e} usada, padr{\~o}es de acesso a arquivos e diret{\'o}rios e at{\'e} o tempo em cada atividade.

Vantagens: N{\~a}o necessida que os engenheiros de software dediquem tempo adicional. Permite uma medida acurada do tempo, mais do que o engenheiro de software poderia informar pelo seu puro julgamento.

Desvantagens: {\'E} dif{\'\i}cil interpretar os dados de sistemas instrumentados. {\'E} dif{\'\i}cil determinar qual era a inten{\c c}{\~a}o do engenheiro de software ao longo da sequencia de a{\c c}{\~o}es. 

Terceiro Grau

Vantagens: exige pouco tempo dos engenheiros de software

Desvantagens: pode ser dif{\'\i}cil conseguir obter os dados e pode ser dif{\'\i}cil interpretar adequadamente os dados obtidos.

Analise de Documenta{\c c}{\~a}o
Essa t{\'e}cnica consiste na analise de documenta{\c c}{\~a}o produzida pelos engenheiros de software, como manuais, coment{\'a}rios em c{\'o}digo, emails e documentos que fazem parte do processo de desenvolvimento. 

Vantagens: frequentemente contem informa{\c c}{\`o}es conceituais e a presenta{\c c}a de dicas do entendimento do sistema de ao menos uma pessoa.

An{\'a}lise est{\'a}tica e din{\^a}mica de um sistema

Nessa t{\'e}cnica {\'e} analisada ou o c{\'o}digo (an{\'a}lise est{\'a}tica) ou vest{\'\i}gios gerados pela execu{\c c}{\~a}o do c{\'o}digo. 

Vantagens: o c{\'o}digo costuma estar presente e preservado para os sistemas j{\'a} desenvolvidos, contendo uma grande quantidade de informa{\c c}{\`o}es pronta para ser minerada.

Desvantagens: Extrair informa{\c c}{\~a}o do c{\'o}digo fonte requer ferramentas para an{\'a}lise e essas ferramentas nem sempre est{\~a}o maduras. Pode ser dificil de analisar separadamente diferentes vari{\'a}veis independentes (programadores, atividades etc) o que cria diferentes estilos, m{\'e}tricas etc.

Aplicando os m{\'e}todos

	Op{\c c}{\~o}es de registro

	Primeiro grau geralmente envolve o registro atrav{\'e}s de video, audio ou transcri{\c c}{\~a}o manual. Enquanto v{\'\i}deo oferece a forma mais detalhada de registro tamb{\'e}m {\'e} a forma que consome mais tempo para ser analisada. Por outro lado a transci{\c c}{\~a}o manual {\'e} a mais incompleta mas possui um tempo mais curto de an{\'a}lise. A transcri{\c c}{\~a}o manual funciona melhor quando um pesquisador bem treinado identifica certos comportamentos, pensamentos e conceitos durante o processo de coleta. 
	
	Modifica{\c c}{\~a}o de vari{\'a}veis e An{\'a}lise
	
	T{\'e}cnicas de estudo de campo produzem uma quantidade enorme de dados. Para conseguirmos analisar essa quantidade de dados {\'e} necess{\'a}rio reduzir o corpo de dados a um formato que seja compreens{\'\i}vel e poss{\'\i}vel de trabalhar. Tradicionalmente isso {\'e} feito no processo de modifica{\c c}{\~a}o de vari{\'a}veis. Nesse processo os dados s{\~a}o divididos em categorias e os dados que n{\~a}o s{\~a}o relevantes s{\~a}o filtrados enquanto os que s{\~a}o relevantes s{\~a}o organizados e cruzados de forma que possam ser interpretados.
	Assim que os dados forem codificados pode-se fazer uma an{\'a}lise quantitativa ou qualitativa. Analise quantitativa pode ser usada para obter uma informa{\c c}{\~a}o resumida dos dados. Pode tamb{\'e}m determinar se uma hipotese particular {\'e} confirmada pelos dados.
	Ao escolher um m{\'e}todo de an{\'a}lise de dados {\'e} preciso verificar se os dados atendem aos requisitos do m{\'e}todo. Para mais informa{\c c}{\~o}es sobre estatistica param{\'e}trica: Seigel and Castellan (1988).  Briand et al. (1996) discutem as disvantagens de estatistica n{\~a}o parametrica.
	Independente da forma de an{\'a}lise geralmente {\'e} util voltar a popula{\c c}{\~a}o de participantes para discutir as descobertas. Os participantes podem dizer o que eles pensam e assim uma vis{\~a}o mais precisa da situa{\c c}{\~a}o pode ser conseguida. Ent{\~a}o os pesquisadores podem saber se usaram um m{\'e}todo de modifica{\c c}{\~a}o de vari{\'a}veis e an{\'a}lise apropriados. 

	


	

},
	author = {Lethbridge, Timothy C. and Sim, Susan Elliott and Singer, Janice},
	Date-Added = {2010-07-11 23:17:43 -0300},
	Date-Modified = {2010-08-30 14:32:09 -0300},
	Issn = {1382-3256},
	Issue = {3},
	Journal = {Empirical Software Engineering},
	Keyword = {Computer Science},
	Note = {10.1007/s10664-005-1290-x},
	Pages = {311-341},
	Publisher = {Springer Netherlands},
	Rating = {5},
	Read = {1},
	Title = {Studying Software Engineers: Data Collection Techniques for Software Field Studies},
	Url = {http://dx.doi.org/10.1007/s10664-005-1290-x},
	Volume = {10},
	Year = {2005},
	Bdsk-File-1 = {YnBsaXN0MDDUAQIDBAUIJidUJHRvcFgkb2JqZWN0c1gkdmVyc2lvblkkYXJjaGl2ZXLRBgdUcm9vdIABqAkKFRYXGyIjVSRudWxs0wsMDQ4RFFpOUy5vYmplY3RzV05TLmtleXNWJGNsYXNzog8QgASABqISE4ACgAOAB1lhbGlhc0RhdGFccmVsYXRpdmVQYXRo0hgNGRpXTlMuZGF0YU8RAgoAAAAAAgoAAgAADE1hY2ludG9zaCBIRAAAAAAAAAAAAAAAAAAAAMJYbgVIKwAAB52fnx5EYXRhIENvbGxlY3Rpb24gVGVjaG5pcXVlcy5wZGYAAAAAAAAAAAAAAAAAAAAAAAAAAAAAAAAAAAAAAAAAAAAHopcyyGAX2gAAAAAAAAAAAAEAAgAACSAAAAAAAAAAAAAAAAAAAAALcmVmX2FydGlnb3MAABAACAAAwliYNQAAABEACAAAyGBCCgAAAAEAFAedn58Hm6+qB5upmwAH8/EAAHBCAAIAZE1hY2ludG9zaCBIRDpVc2VyczpnYWJyaWVscm9kcmlndWVzOkRyb3Bib3g6UHJvamV0byBGaW5hbDpyZWZfYXJ0aWdvczpEYXRhIENvbGxlY3Rpb24gVGVjaG5pcXVlcy5wZGYADgA+AB4ARABhAHQAYQAgAEMAbwBsAGwAZQBjAHQAaQBvAG4AIABUAGUAYwBoAG4AaQBxAHUAZQBzAC4AcABkAGYADwAaAAwATQBhAGMAaQBuAHQAbwBzAGgAIABIAEQAEgBXVXNlcnMvZ2FicmllbHJvZHJpZ3Vlcy9Ecm9wYm94L1Byb2pldG8gRmluYWwvcmVmX2FydGlnb3MvRGF0YSBDb2xsZWN0aW9uIFRlY2huaXF1ZXMucGRmAAATAAEvAAAVAAIAF///AACABdIcHR4fWCRjbGFzc2VzWiRjbGFzc25hbWWjHyAhXU5TTXV0YWJsZURhdGFWTlNEYXRhWE5TT2JqZWN0XxAtLi4vcmVmX2FydGlnb3MvRGF0YSBDb2xsZWN0aW9uIFRlY2huaXF1ZXMucGRm0hwdJCWiJSFcTlNEaWN0aW9uYXJ5EgABhqBfEA9OU0tleWVkQXJjaGl2ZXIACAARABYAHwAoADIANQA6ADwARQBLAFIAXQBlAGwAbwBxAHMAdgB4AHoAfACGAJMAmACgAq4CsAK1Ar4CyQLNAtsC4gLrAxsDIAMjAzADNQAAAAAAAAIBAAAAAAAAACgAAAAAAAAAAAAAAAAAAANH},
	Bdsk-Url-1 = {http://dx.doi.org/10.1007/s10664-005-1290-x}}

@article{McCauley2001,
	Address = {New York, NY, USA},
	author = {McCauley, Renee},
	Date-Modified = {2010-06-29 13:56:18 -0300},
	Doi = {http://doi.acm.org/10.1145/572139.572150},
	Issn = {0097-8418},
	Journal = {SIGCSE Bull.},
	Number = {4},
	Pages = {14--15},
	Publisher = {ACM},
	Title = {Agile development methods poised to upset status quo},
	Volume = {33},
	Year = {2001},
	Bdsk-Url-1 = {http://doi.acm.org/10.1145/572139.572150}}

@article{4181709,
	author = {Olague, H.M. and Etzkorn, L.H. and Gholston, S. and Quattlebaum, S.},
	Doi = {10.1109/TSE.2007.1015},
	Issn = {0098-5589},
	Journal = {Software Engineering, IEEE Transactions on},
	Keywords = {JavaScript;agile software development process;fault-prone prediction;iterative software development process;multivariate binary logistic regression model;object-oriented class;object-oriented design;software metrics;software quality;statistical analysis;Java;object-oriented programming;regression analysis;software metrics;software quality;},
	Month = {june},
	Number = {6},
	Pages = {402 -419},
	Title = {Empirical Validation of Three Software Metrics Suites to Predict Fault-Proneness of Object-Oriented Classes Developed Using Highly Iterative or Agile Software Development Processes},
	Volume = {33},
	Year = {2007},
	Bdsk-Url-1 = {http://dx.doi.org/10.1109/TSE.2007.1015}}

@inproceedings{1038423,
	author = {Banerjee, N. and Bhattacharya, S.},
	Booktitle = {Engineering Management Conference, 2002. IEMC '02. 2002 IEEE International},
	Doi = {10.1109/IEMC.2002.1038423},
	Keywords = {agile organization; agile software development organization; consumer-oriented products; economic downturn; innovative product development environment; market dynamics management; prevention-driven competence management; quality; reduced time to market; technology; management; product development; software engineering; software houses;},
	Pages = {230 - 233 vol.1},
	Title = {Creating an agile software development organization: a key factor for survival in today's economy},
	Volume = {1},
	Year = {2002},
	Bdsk-Url-1 = {http://dx.doi.org/10.1109/IEMC.2002.1038423}}

@inproceedings{1334895,
	author = {Abrahamsson, P. and Koskela, J.},
	Booktitle = {Empirical Software Engineering, 2004. ISESE '04. Proceedings. 2004 International Symposium on},
	Doi = {10.1109/ISESE.2004.1334895},
	Keywords = {Web-based system; agile home ground; agile software development; customer testers; data management; delivery schedule; development environment; extreme programming; system release defect-density; team overall productivity; productivity; software engineering;},
	Month = {19-20},
	Pages = {73 - 82},
	Title = {Extreme programming: a survey of empirical data from a controlled case study},
	Year = {2004},
	Bdsk-Url-1 = {http://dx.doi.org/10.1109/ISESE.2004.1334895}}

@inproceedings{1609823,
	author = {Mc Cormick, J.P.},
	Booktitle = {Agile Conference, 2005. Proceedings},
	Doi = {10.1109/ADC.2005.10},
	Keywords = {Schneider National; agile development; offshore testing team strategy; waterfall process; project management; software development management;},
	Month = {24-29},
	Pages = {212 - 213},
	Title = {Agile phase I - the pragmatic case study of Schneider National},
	Year = {2005},
	Bdsk-Url-1 = {http://dx.doi.org/10.1109/ADC.2005.10}}

@article{4420071,
	author = {Lan Cao and Ramesh, B.},
	Doi = {10.1109/MS.2008.1},
	Issn = {0740-7459},
	Journal = {Software, IEEE},
	Keywords = {agile iterative requirements engineering approach;business environment;empirical study;requirement specification;software development organization;time-to-market pressure;formal specification;software prototyping;systems analysis;},
	Month = {jan.-feb.},
	Number = {1},
	Pages = {60 -67},
	Title = {Agile Requirements Engineering Practices: An Empirical Study},
	Volume = {25},
	Year = {2008},
	Bdsk-Url-1 = {http://dx.doi.org/10.1109/MS.2008.1}}

@article{5342407,
	author = {Wray, S.},
	Doi = {10.1109/MS.2009.199},
	Issn = {0740-7459},
	Journal = {Software, IEEE},
	Keywords = {computer programmers;driver navigator;pair programming;programming;},
	Month = {jan.-feb.},
	Number = {1},
	Pages = {50 -55},
	Title = {How Pair Programming Really Works},
	Volume = {27},
	Year = {2010},
	Bdsk-Url-1 = {http://dx.doi.org/10.1109/MS.2009.199}}

@inproceedings{5349853,
	author = {Engum, E.A. and Racheva, Z. and Daneva, M.},
	Booktitle = {Software Engineering and Advanced Applications, 2009. SEAA '09. 35th Euromicro Conference on},
	Doi = {10.1109/SEAA.2009.68},
	Issn = {1089-6503},
	Keywords = {agile software development;backlog management tool;digital aid tool;product backlog management;software process improvement;sprint planning;planning;software development management;software process improvement;},
	Month = {27-29},
	Pages = {259 -262},
	Title = {Sprint Planning with a Digital Aid Tool: Lessons Learnt},
	Year = {2009},
	Bdsk-Url-1 = {http://dx.doi.org/10.1109/SEAA.2009.68}}

@inproceedings{4599471,
	author = {Snapp, M.B. and Dagefoerde, D.},
	Booktitle = {Agile, 2008. AGILE '08. Conference},
	Doi = {10.1109/Agile.2008.68},
	Keywords = {Web advising system project;Web application development;accidental agilists;custom application development;mission-critical application;waterfall methodology;Internet;software engineering;},
	Month = {4-8},
	Pages = {171 -175},
	Title = {The Accidental Agilists: One Team's Journey from Waterfall to Agile},
	Year = {2008},
	Bdsk-Url-1 = {http://dx.doi.org/10.1109/Agile.2008.68}}

@inproceedings{1615073,
	author = {Schneider, J.-G. and Rajesh Vasa},
	Booktitle = {Software Engineering Conference, 2006. Australian},
	Doi = {10.1109/ASWEC.2006.9},
	Issn = {1530-0803},
	Keywords = {Software Engineering students;agile development process;software development;student project;computer science education;programming;project management;software development management;},
	Month = {18-21},
	Pages = {10 pp. -410},
	Title = {Agile practices in software development - experiences from student projects},
	Year = {2006},
	Bdsk-Url-1 = {http://dx.doi.org/10.1109/ASWEC.2006.9}}

@inproceedings{1609814,
	author = {Ganis, M. and Leip, D. and Grossman, F. and Bergin, J.},
	Booktitle = {Agile Conference, 2005. Proceedings},
	Doi = {10.1109/ADC.2005.31},
	Keywords = {agile development; corporate Web master environment; extreme programming; waterfall-driven organization; Internet; software engineering;},
	Month = {24-29},
	Pages = {145 - 152},
	Title = {Introducing agile development (XP) into a corporate Webmaster environment - an experience report},
	Year = {2005},
	Bdsk-Url-1 = {http://dx.doi.org/10.1109/ADC.2005.31}}

@inproceedings{4483261,
	author = {Kunz, M. and Dumke, R.R. and Zenker, N.},
	Booktitle = {Software Engineering, 2008. ASWEC 2008. 19th Australian Conference on},
	Doi = {10.1109/ASWEC.2008.4483261},
	Issn = {1530-0803},
	Keywords = {agile software development;quality management;software measurement;software metrics;software quality model;software refactoring;quality management;software maintenance;software metrics;software quality;},
	Month = {26-28},
	Pages = {673 -678},
	Title = {Software Metrics for Agile Software Development},
	Year = {2008},
	Bdsk-Url-1 = {http://dx.doi.org/10.1109/ASWEC.2008.4483261}}

@article{1438326,
	author = {Schatz, B. and Abdelshafi, I.},
	Doi = {10.1109/MS.2005.74},
	Issn = {0740-7459},
	Journal = {Software, IEEE},
	Keywords = {Primavera Systems; agile software development; enterprise project portfolio management; software process improvement; software quality; project management; software development management; software process improvement; software quality;},
	Month = {may-june},
	Number = {3},
	Pages = {36 - 42},
	Title = {Primavera gets agile: a successful transition to agile development},
	Volume = {22},
	Year = {2005},
	Bdsk-Url-1 = {http://dx.doi.org/10.1109/MS.2005.74}}

@inproceedings{5233257,
	author = {Hu Ran and Wang Zhuo and Xu Jianfeng},
	Booktitle = {Services Science, Management and Engineering, 2009. SSME '09. IITA International Conference on},
	Doi = {10.1109/SSME.2009.112},
	Keywords = {Internet;Web engineering;Web quality assurance;agile Web development;software quality;Internet;Web design;quality assurance;software quality;},
	Month = {11-12},
	Pages = {426 -429},
	Title = {Web Quality of Agile Web Development},
	Year = {2009},
	Bdsk-Url-1 = {http://dx.doi.org/10.1109/SSME.2009.112}}

@inproceedings{1333385,
	author = {Salo, O.},
	Booktitle = {Euromicro Conference, 2004. Proceedings. 30th},
	Doi = {10.1109/EURMIC.2004.1333385},
	Issn = {1089-6503},
	Keywords = {XP case studies; agile software development projects; extreme programming projects; post-iteration workshops; self-reflection process; software process improvement; Capability Maturity Model; project management; software development management; team working;},
	Month = {31},
	Pages = {310 - 317},
	Title = {Improving software process in agile software development projects: results from two XP case studies},
	Year = {2004},
	Bdsk-Url-1 = {http://dx.doi.org/10.1109/EURMIC.2004.1333385}}

@article{5222784,
	author = {Dyba, T. and Dingsoyr, T.},
	Doi = {10.1109/MS.2009.145},
	Issn = {0740-7459},
	Journal = {Software, IEEE},
	Keywords = {Scrum;agile project management;agile software development;codified process;extensive planning;extreme programming;rationalized engineering-based approach;rigorous reuse;project management;software development management;software reusability;},
	Month = {sept.-oct.},
	Number = {5},
	Pages = {6 -9},
	Title = {What Do We Know about Agile Software Development?},
	Volume = {26},
	Year = {2009},
	Bdsk-Url-1 = {http://dx.doi.org/10.1109/MS.2009.145}}

@inproceedings{1541828,
	author = {Salo, O. and Abrahamsson, P.},
	Booktitle = {Empirical Software Engineering, 2005. 2005 International Symposium on},
	Doi = {10.1109/ISESE.2005.1541828},
	Keywords = {agile project team; agile software development; longitudinal case study; organizational SPI mechanism; organizational capability improvement; software process improvement; project management; software development management; software process improvement; team working;},
	Month = {17-18},
	Pages = {10 pp.},
	Title = {Integrating agile software development and software process improvement: a longitudinal case study},
	Year = {2005},
	Bdsk-Url-1 = {http://dx.doi.org/10.1109/ISESE.2005.1541828}}

@inproceedings{5071334,
	author = {Tjan-Hien Cheng and Jansen, S. and Remmers, M.},
	Booktitle = {Software Development Governance, 2009. SDG '09. ICSE Workshop on},
	Doi = {10.1109/SDG.2009.5071334},
	Keywords = {Dutch product software companies;agile development processes;agile software development governance;software development managers;DP industry;software engineering;},
	Month = {17-17},
	Pages = {29 -35},
	Title = {Controlling and monitoring agile software development in three dutch product software companies},
	Year = {2009},
	Bdsk-Url-1 = {http://dx.doi.org/10.1109/SDG.2009.5071334}}

@inproceedings{1592210,
	author = {Perez-Torres, J.A. and Mejia, M.},
	Booktitle = {Computer Science, 2005. ENC 2005. Sixth Mexican International Conference on},
	Doi = {10.1109/ENC.2005.48},
	Issn = {1550-4069},
	Keywords = {agile methodology; airline case; business aspect; hybrid personnel; information technology; nonstable business environment; planning problem; software development; business data processing; personnel; software engineering; travel industry;},
	Month = {26-30},
	Pages = {129 - 134},
	Title = {Software development using agile methodologies: an airline case},
	Year = {2005},
	Bdsk-Url-1 = {http://dx.doi.org/10.1109/ENC.2005.48}}

@article{1563500,
	author = {Miller, K.W. and Larson, D.K.},
	Doi = {10.1109/MTAS.2005.1563500},
	Issn = {0278-0097},
	Journal = {Technology and Society Magazine, IEEE},
	Keywords = {agile software development; culture; deontological analysis; ethical techniques; human values; software engineering; utilitarian analysis; waterfall model; ethical aspects; socio-economic effects; software engineering;},
	Month = {winter},
	Number = {4},
	Pages = {36 - 42},
	Title = {Agile software development: human values and culture},
	Volume = {24},
	Year = {2005},
	Bdsk-Url-1 = {http://dx.doi.org/10.1109/MTAS.2005.1563500}}

@inproceedings{4031749,
	author = {Maria Paasivaara and Casper Lassenius},
	Booktitle = {Global Software Engineering, 2006. ICGSE '06. International Conference on},
	Doi = {10.1109/ICGSE.2006.261222},
	Keywords = {agile methods;distributed projects;face-to-face communication;global software development;distributed programming;software engineering;},
	Month = {oct.},
	Pages = {109 -113},
	Title = {Could Global Software Development Benefit from Agile Methods?},
	Year = {2006},
	Bdsk-Url-1 = {http://dx.doi.org/10.1109/ICGSE.2006.261222}}

@inproceedings{1231456,
	author = {Blotner, J.A.},
	Booktitle = {Agile Development Conference, 2003. ADC 2003. Proceedings of the},
	Doi = {10.1109/ADC.2003.1231456},
	Keywords = {Sabrix development discipline; agile development; enterprise-class start-up; management practices; organization's product development; programmers; self-organizing teams; team members development; customer satisfaction; product development; software development management; team working;},
	Month = {25-28},
	Pages = {81 - 91},
	Title = {It's more than just toys and food: leading agile development in an enterprise-class start-up},
	Year = {2003},
	Bdsk-Url-1 = {http://dx.doi.org/10.1109/ADC.2003.1231456}}

@inproceedings{5172645,
	author = {Schindler, C.},
	Booktitle = {Computational Intelligence for Modelling Control Automation, 2008 International Conference on},
	Doi = {10.1109/CIMCA.2008.100},
	Keywords = {Austrian IT-industry;agile software development;pair-programming;software developing company;software development industry;DP industry;software engineering;},
	Month = {10-12},
	Pages = {321 -326},
	Title = {Agile Software Development Methods and Practices in Austrian IT-Industry: Results of an Empirical Study},
	Year = {2008},
	Bdsk-Url-1 = {http://dx.doi.org/10.1109/CIMCA.2008.100}}

@inproceedings{4599496,
	author = {Young, C. and Terashima, H.},
	Booktitle = {Agile, 2008. AGILE '08. Conference},
	Doi = {10.1109/Agile.2008.7},
	Keywords = {agile process;distributed software project development;external collaboration;organizational structure;outsourcing;software architecture;software release;groupware;project management;software architecture;software development management;},
	Month = {4-8},
	Pages = {304 -309},
	Title = {How Did We Adapt Agile Processes to Our Distributed Development?},
	Year = {2008},
	Bdsk-Url-1 = {http://dx.doi.org/10.1109/Agile.2008.7}}

@inproceedings{1667585,
	author = {Trapa, V. and Rao, S.},
	Booktitle = {Agile Conference, 2006},
	Doi = {10.1109/AGILE.2006.49},
	Keywords = {JUnit;T3 tool;agile development monitoring;agile teams;distributed team members;project status;story-centric views;project management;software development management;software tools;team working;},
	Month = {23-28},
	Pages = {6 pp. -248},
	Title = {T3 - tool for monitoring agile development},
	Year = {2006},
	Bdsk-Url-1 = {http://dx.doi.org/10.1109/AGILE.2006.49}}

@inproceedings{4681149,
	author = {Ran Hu and Zhuo Wang and Jun Hu and Jianfeng Xu and Jun Xie},
	Booktitle = {Wireless Communications, Networking and Mobile Computing, 2008. WiCOM '08. 4th International Conference on},
	Doi = {10.1109/WiCom.2008.2960},
	Keywords = {ISO/IEC9126-quality model;Web framework;agile Web development;development quality;Internet;Web design;systems analysis;},
	Month = {12-14},
	Pages = {1 -4},
	Title = {Agile Web Development with Web Framework},
	Year = {2008},
	Bdsk-Url-1 = {http://dx.doi.org/10.1109/WiCom.2008.2960}}

@inproceedings{4609418,
	author = {Altarawneh, H. and El Shiekh, A.},
	Booktitle = {Software Engineering Research, Management and Applications, 2008. SERA '08. Sixth International Conference on},
	Doi = {10.1109/SERA.2008.14},
	Keywords = {Internet development;Web application development;Web development industry;Web engineering;Web project;XP process model;XXPM;agile process framework;process quality;software firm;software process improvement;software process model;software quality;Internet;Web design;software development management;software process improvement;software quality;},
	Month = {20-22},
	Pages = {125 -132},
	Title = {A Theoretical Agile Process Framework for Web Applications Development in Small Software Firms},
	Year = {2008},
	Bdsk-Url-1 = {http://dx.doi.org/10.1109/SERA.2008.14}}

@inproceedings{1231460,
	author = {Alleman, G.B. and Henderson, M. and Seggelke, R.},
	Booktitle = {Agile Development Conference, 2003. ADC 2003. Proceedings of the},
	Doi = {10.1109/ADC.2003.1231460},
	Keywords = {actual work performed cost; cost variance; earned value analysis; earned value management; government contracting environment project; software development management; work performed budgeted cost; work schedule budgeted cost; contracts; project management; software cost estimation; software development management;},
	Month = {25-28},
	Pages = {114 - 119},
	Title = {Making agile development work in a government contracting environment-measuring velocity with earned value},
	Year = {2003},
	Bdsk-Url-1 = {http://dx.doi.org/10.1109/ADC.2003.1231460}}

@inproceedings{4599455,
	author = {Dingsoyr, T. and Dyba, T. and Abrahamsson, P.},
	Booktitle = {Agile, 2008. AGILE '08. Conference},
	Doi = {10.1109/Agile.2008.50},
	Keywords = {agile software development;agile teams;empirical research;management-oriented approach;preliminary roadmap;software development management;team working;},
	Month = {4-8},
	Pages = {83 -94},
	Title = {A Preliminary Roadmap for Empirical Research on Agile Software Development},
	Year = {2008},
	Bdsk-File-1 = {YnBsaXN0MDDUAQIDBAUIJidUJHRvcFgkb2JqZWN0c1gkdmVyc2lvblkkYXJjaGl2ZXLRBgdUcm9vdIABqAkKFRYXGyIjVSRudWxs0wsMDQ4RFFpOUy5vYmplY3RzV05TLmtleXNWJGNsYXNzog8QgASABqISE4ACgAOAB1lhbGlhc0RhdGFccmVsYXRpdmVQYXRo0hgNGRpXTlMuZGF0YU8RAb4AAAAAAb4AAgAADE1hY2ludG9zaCBIRAAAAAAAAAAAAAAAAAAAAMJYbgVIKwAAB52fnws0NTk5NDU1LnBkZgAAAAAAAAAAAAAAAAAAAAAAAAAAAAAAAAAAAAAAAAAAAAAAAAAAAAAAAAAAAAAAAAAAAAAHnbNVyEvq3AAAAAAAAAAAAAEAAgAACSAAAAAAAAAAAAAAAAAAAAALcmVmX2FydGlnb3MAABAACAAAwliYNQAAABEACAAAyEwVDAAAAAEAFAedn58Hm6+qB5upmwAH8/EAAHBCAAIAUU1hY2ludG9zaCBIRDpVc2VyczpnYWJyaWVscm9kcmlndWVzOkRyb3Bib3g6UHJvamV0byBGaW5hbDpyZWZfYXJ0aWdvczo0NTk5NDU1LnBkZgAADgAYAAsANAA1ADkAOQA0ADUANQAuAHAAZABmAA8AGgAMAE0AYQBjAGkAbgB0AG8AcwBoACAASABEABIARFVzZXJzL2dhYnJpZWxyb2RyaWd1ZXMvRHJvcGJveC9Qcm9qZXRvIEZpbmFsL3JlZl9hcnRpZ29zLzQ1OTk0NTUucGRmABMAAS8AABUAAgAX//8AAIAF0hwdHh9YJGNsYXNzZXNaJGNsYXNzbmFtZaMfICFdTlNNdXRhYmxlRGF0YVZOU0RhdGFYTlNPYmplY3RfEBouLi9yZWZfYXJ0aWdvcy80NTk5NDU1LnBkZtIcHSQloiUhXE5TRGljdGlvbmFyeRIAAYagXxAPTlNLZXllZEFyY2hpdmVyAAgAEQAWAB8AKAAyADUAOgA8AEUASwBSAF0AZQBsAG8AcQBzAHYAeAB6AHwAhgCTAJgAoAJiAmQCaQJyAn0CgQKPApYCnwK8AsECxALRAtYAAAAAAAACAQAAAAAAAAAoAAAAAAAAAAAAAAAAAAAC6A==},
	Bdsk-Url-1 = {http://dx.doi.org/10.1109/Agile.2008.50}}

@inproceedings{1317492,
	author = {Tichy, W.F.},
	Booktitle = {Software Engineering, 2004. ICSE 2004. Proceedings. 26th International Conference on},
	Issn = {0270-5257},
	Keywords = {Crystal; Extreme Programming; Scrum; agile development; automated regression testing; face-to-face communication; program documentation; scheduling; software incremental delivery; software specification; test-driven development; program testing; software engineering;},
	Month = {23-28},
	Pages = {692},
	Title = {Agile development: evaluation and experience},
	Year = {2004}}

@inproceedings{1371934,
	author = {Hanakawa, N. and Okura, K.},
	Booktitle = {Software Engineering Conference, 2004. 11th Asia-Pacific},
	Doi = {10.1109/APSEC.2004.8},
	Issn = {1530-1362},
	Keywords = {agile software development; communication model; correlation coefficient; document-based management; open source project; project management support tool; quality control; scattering ratio; time series; project management; project support environments; software development management;},
	Month = {30},
	Pages = {316 - 323},
	Title = {A project management support tool using communication for agile software development},
	Year = {2004},
	Bdsk-Url-1 = {http://dx.doi.org/10.1109/APSEC.2004.8}}

@inproceedings{4147390,
	author = {Livermore, J.A.},
	Booktitle = {SoutheastCon, 2007. Proceedings. IEEE},
	Doi = {10.1109/SECON.2007.342860},
	Keywords = {Crystal methods;Internet economy;XP;agile methodology implementation;agile software development;extreme programming;intranet implementation;software engineering;Internet;intranets;software engineering;},
	Month = {22-25},
	Pages = {82 -86},
	Title = {Factors that impact implementing an agile software development methodology},
	Year = {2007},
	Bdsk-Url-1 = {http://dx.doi.org/10.1109/SECON.2007.342860}}

@article{5456357,
	author = {Zhang, Y and Patel, S},
	Doi = {10.1109/MS.2010.85},
	Issn = {0740-7459},
	Journal = {Software, IEEE},
	Number = {99},
	Pages = {1 -1},
	Title = {Agile Model-Driven Development in Practice},
	Volume = {PP},
	Year = {2010},
	Bdsk-Url-1 = {http://dx.doi.org/10.1109/MS.2010.85}}

@inproceedings{5254080,
	author = {Srinivasan, J. and Dobrin, R. and Lundqvist, K.},
	Booktitle = {Computer Software and Applications Conference, 2009. COMPSAC '09. 33rd Annual IEEE International},
	Doi = {10.1109/COMPSAC.2009.186},
	Issn = {0730-3157},
	Keywords = {adoption trajectory;agile methods;embedded systems development;software ecosystem;embedded systems;software engineering;},
	Month = {20-24},
	Pages = {522 -527},
	Title = {'State of the Art' in Using Agile Methods for Embedded Systems Development},
	Volume = {2},
	Year = {2009},
	Bdsk-Url-1 = {http://dx.doi.org/10.1109/COMPSAC.2009.186}}

@inproceedings{4293606,
	author = {McMichael, B. and Lombardi, M.},
	Booktitle = {AGILE 2007},
	Doi = {10.1109/AGILE.2007.36},
	Keywords = {ISO 9001:2000;Primavera Systems;Scrum;XP agile practices;documentation;enterprise project management software;quality management system;DP industry;ISO standards;project management;quality management;software development management;software quality;system documentation;},
	Month = {13-17},
	Pages = {262 -265},
	Title = {ISO 9001 and Agile Development},
	Year = {2007},
	Bdsk-Url-1 = {http://dx.doi.org/10.1109/AGILE.2007.36}}

@inproceedings{5071335,
	author = {Lehto, I. and Rautiainen, K.},
	Booktitle = {Software Development Governance, 2009. SDG '09. ICSE Workshop on},
	Doi = {10.1109/SDG.2009.5071335},
	Keywords = {agile method;feedback loop;information consistency problem;inspection;middle-sized company;software product development;DP industry;business data processing;inspection;organisational aspects;small-to-medium enterprises;software development management;strategic planning;},
	Month = {17-17},
	Pages = {36 -39},
	Title = {Software development governance challenges of a middle-sized company in agile transition},
	Year = {2009},
	Bdsk-Url-1 = {http://dx.doi.org/10.1109/SDG.2009.5071335}}

@inproceedings{1609834,
	author = {Coupal, C. and Boechler, K.},
	Booktitle = {Agile Conference, 2005. Proceedings},
	Doi = {10.1109/ADC.2005.32},
	Keywords = {Capstone project; academic environment; extreme programming; software analysis; software design; software development; software implementation; computer science education; software development management; systems analysis;},
	Month = {24-29},
	Pages = {289 - 297},
	Title = {Introducing agile into a software development Capstone project},
	Year = {2005},
	Bdsk-Url-1 = {http://dx.doi.org/10.1109/ADC.2005.32}}

@article{1204378,
	author = {Cohn, M. and Ford, D.},
	Doi = {10.1109/MC.2003.1204378},
	Issn = {0018-9162},
	Journal = {Computer},
	Keywords = {agile software development process; software development management;},
	Month = {june},
	Number = {6},
	Pages = {74 - 78},
	Title = {Introducing an agile process to an organization [software development]},
	Volume = {36},
	Year = {2003},
	Bdsk-Url-1 = {http://dx.doi.org/10.1109/MC.2003.1204378}}

@inproceedings{5196948,
	author = {Tsirakidis, P. and Kobler, F. and Krcmar, H.},
	Booktitle = {Global Software Engineering, 2009. ICGSE 2009. Fourth IEEE International Conference on},
	Doi = {10.1109/ICGSE.2009.42},
	Keywords = {agile software development;free/libre open source development;software development management;},
	Month = {13-16},
	Pages = {295 -296},
	Title = {Identification of Success and Failure Factors of Two Agile Software Development Teams in an Open Source Organization},
	Year = {2009},
	Bdsk-File-1 = {YnBsaXN0MDDUAQIDBAUIJidUJHRvcFgkb2JqZWN0c1gkdmVyc2lvblkkYXJjaGl2ZXLRBgdUcm9vdIABqAkKFRYXGyIjVSRudWxs0wsMDQ4RFFpOUy5vYmplY3RzV05TLmtleXNWJGNsYXNzog8QgASABqISE4ACgAOAB1lhbGlhc0RhdGFccmVsYXRpdmVQYXRo0hgNGRpXTlMuZGF0YU8RApQAAAAAApQAAgAADUdhYnJpZWxJbWFjSEQAAAAAAAAAAAAAAAAAAMfe9h9IKwAAAFIB8B9JZGVudGlmaWNhdGlvbiBvZiBzdSM0RDlDRjAucGRmAAAAAAAAAAAAAAAAAAAAAAAAAAAAAAAAAAAAAAAAAAAATZzwyEvfdgAAAAAAAAAAAAMABAAACSAAAAAAAAAAAAAAAAAAAAAKMjAxMC0wNi0yOQAQAAgAAMffIE8AAAARAAgAAMhMCaYAAAABABQAUgHwAD0FZQA9BWQABau7AACRnwACAFdHYWJyaWVsSW1hY0hEOlVzZXJzOmdhYnJpZWxzcjouZHJvcGJveDpjYWNoZToyMDEwLTA2LTI5OklkZW50aWZpY2F0aW9uIG9mIHN1IzREOUNGMC5wZGYAAA4ArABVAEkAZABlAG4AdABpAGYAaQBjAGEAdABpAG8AbgAgAG8AZgAgAHMAdQBjAGUAcwBzACAAYQBuAGQAIABmAGEAaQBsAHUAcgBlACAAZgBhAGMAdABvAHIAcwAgACgAZABlAGwAZQB0AGUAZAAgADQAYwAyADYANQA5ADIANgAtADEAYwBiADcANQAtADIAYQA3ADAAMABjADAANwAxADMAYQApAC4AcABkAGYADwAcAA0ARwBhAGIAcgBpAGUAbABJAG0AYQBjAEgARAASAH9Vc2Vycy9nYWJyaWVsc3IvLmRyb3Bib3gvY2FjaGUvMjAxMC0wNi0yOS9JZGVudGlmaWNhdGlvbiBvZiBzdWNlc3MgYW5kIGZhaWx1cmUgZmFjdG9ycyAoZGVsZXRlZCA0YzI2NTkyNi0xY2I3NS0yYTcwMGMwNzEzYSkucGRmAAATAAEvAAAVAAIAEP//AACABdIcHR4fWCRjbGFzc2VzWiRjbGFzc25hbWWjHyAhXU5TTXV0YWJsZURhdGFWTlNEYXRhWE5TT2JqZWN0XxB4Li4vLi4vLi4vLmRyb3Bib3gvY2FjaGUvMjAxMC0wNi0yOS9JZGVudGlmaWNhdGlvbiBvZiBzdWNlc3MgYW5kIGZhaWx1cmUgZmFjdG9ycyAoZGVsZXRlZCA0YzI2NTkyNi0xY2I3NS0yYTcwMGMwNzEzYSkucGRm0hwdJCWiJSFcTlNEaWN0aW9uYXJ5EgABhqBfEA9OU0tleWVkQXJjaGl2ZXIACAARABYAHwAoADIANQA6ADwARQBLAFIAXQBlAGwAbwBxAHMAdgB4AHoAfACGAJMAmACgAzgDOgM/A0gDUwNXA2UDbAN1A/AD9QP4BAUECgAAAAAAAAIBAAAAAAAAACgAAAAAAAAAAAAAAAAAAAQc},
	Bdsk-Url-1 = {http://dx.doi.org/10.1109/ICGSE.2009.42}}

@article{5287018,
	author = {Umarji, M. and Shull, F.},
	Doi = {10.1109/MS.2009.180},
	Issn = {0740-7459},
	Journal = {Software, IEEE},
	Keywords = {measure building solutions;process metrics;product-related metrics;software development;software metrics programs;stakeholder design solutions;transparency solutions;software metrics;},
	Month = {nov.-dec.},
	Number = {6},
	Pages = {92 -94},
	Title = {Measuring Developers: Aligning Perspectives and Other Best Practices},
	Volume = {26},
	Year = {2009},
	Bdsk-Url-1 = {http://dx.doi.org/10.1109/MS.2009.180}}

@book{Boehm1981,
	author = {Barry Boehm},
	Date-Added = {2010-06-14 16:06:29 -0300},
	Date-Modified = {2010-06-14 16:08:57 -0300},
	Edition = {1},
	Publisher = {Prentice-Hall},
	Title = {Software Engineering Economics},
	Year = {1981}}

@book{Demarco1987,
	author = {Tom Demarco; Timothy R. Lister},
	Date-Added = {2010-06-14 16:01:46 -0300},
	Date-Modified = {2010-06-14 16:03:41 -0300},
	Edition = {1},
	Publisher = {Dorset House Pub. Co},
	Title = {Peopleware: productive projects and teams},
	Year = {1987}}

@book{Brooks1995,
	author = {Frederick P. Brooks},
	Date-Added = {2010-06-14 15:59:45 -0300},
	Date-Modified = {2010-06-14 16:01:13 -0300},
	Edition = {20th anniversary},
	Publisher = {Addison-Wesley},
	Title = {The mythical man-month: essays on software engineering},
	Year = {1995}}

@book{Beck1999,
	author = {Kent Beck},
	Date-Added = {2010-06-14 15:56:55 -0300},
	Date-Modified = {2010-06-14 15:59:22 -0300},
	Edition = {US Ed},
	Publisher = {Addison Wesley Professional},
	Title = {Extreme Programming Explained: Embrace Change},
	Year = {1999}}

@book{Teles2004,
	Address = {S{\~a}o Paulo},
	author = {Vin{\'\i}cius Manh{\~a}es Teles},
	Date-Added = {2010-06-14 15:27:08 -0300},
	Date-Modified = {2010-06-14 15:28:46 -0300},
	Publisher = {Novatec},
	Title = {Extreme Programming: Aprenda como encantar seus usu{\'a}rios desenvolvendo software com agilidade e alta qualidade},
	Year = {2004}}

@book{Pressman2006,
	author = {Roger S. Pressman},
	Date-Added = {2009-05-25 22:04:31 -0300},
	Date-Modified = {2010-08-30 14:52:24 -0300},
	Edition = {6ª},
	Publisher = {McGraw-Hill},
	Title = {Engenharia de Software},
	Year = {2006}}

@book{ARS2002,
	author = {Pekka Abrahamsson and Outi Salo and Jussi Ronkainen},
	Date-Added = {2009-05-10 21:01:07 -0300},
	Date-Modified = {2009-05-10 21:03:00 -0300},
	Publisher = {VTT Eletronics},
	Title = {Agile software development methods review and analysis},
	Year = {2002},
	Bdsk-File-1 = {YnBsaXN0MDDUAQIDBAUIJidUJHRvcFgkb2JqZWN0c1gkdmVyc2lvblkkYXJjaGl2ZXLRBgdUcm9vdIABqAkKFRYXGyIjVSRudWxs0wsMDQ4RFFpOUy5vYmplY3RzV05TLmtleXNWJGNsYXNzog8QgASABqISE4ACgAOAB1lhbGlhc0RhdGFccmVsYXRpdmVQYXRo0hgNGRpXTlMuZGF0YU8RAmQAAAAAAmQAAgAADE1hY2ludG9zaCBIRAAAAAAAAAAAAAAAAAAAAMJYbgVIKwAAA7jKSB9bMjAwMl1BZ2lsZSBzb2Z0d2FyIzNDQkM1REYucGRmAAAAAAAAAAAAAAAAAAAAAAAAAAAAAAAAAAAAAAAAAAADy8XfxizxrlBERiBDQVJPAAMABAAACSAAAAAAAAAAAAAAAAAAAAAFTm92b3MAABAACAAAwliYNQAAABEACAAAxi0b3gAAAAEAFAO4ykgDoVr8AAfz/gAH8/EAAHBCAAIAYU1hY2ludG9zaCBIRDpVc2VyczpnYWJyaWVscm9kcmlndWVzOkRvY3VtZW50czpQcm9qZXRvIEZpbmFsOk5vdm9zOlsyMDAyXUFnaWxlIHNvZnR3YXIjM0NCQzVERi5wZGYAAA4AggBAAFsAMgAwADAAMgBdAEEAZwBpAGwAZQAgAHMAbwBmAHQAdwBhAHIAZQAgAGQAZQB2AGUAbABvAHAAbQBlAG4AdAAgAG0AZQB0AGgAbwBkAHMAIAByAGUAdgBpAGUAdwAgAGEAbgBkACAAYQBuAGEAbAB5AHMAaQBzAC4AcABkAGYADwAaAAwATQBhAGMAaQBuAHQAbwBzAGgAIABIAEQAEgB1VXNlcnMvZ2FicmllbHJvZHJpZ3Vlcy9Eb2N1bWVudHMvUHJvamV0byBGaW5hbC9Ob3Zvcy9bMjAwMl1BZ2lsZSBzb2Z0d2FyZSBkZXZlbG9wbWVudCBtZXRob2RzIHJldmlldyBhbmQgYW5hbHlzaXMucGRmAAATAAEvAAAVAAIAF///AACABdIcHR4fWCRjbGFzc2VzWiRjbGFzc25hbWWjHyAhXU5TTXV0YWJsZURhdGFWTlNEYXRhWE5TT2JqZWN0XxBnLi4vLi4vLi4vRG9jdW1lbnRzL1Byb2pldG8gRmluYWwvTm92b3MvWzIwMDJdQWdpbGUgc29mdHdhcmUgZGV2ZWxvcG1lbnQgbWV0aG9kcyByZXZpZXcgYW5kIGFuYWx5c2lzLnBkZtIcHSQloiUhXE5TRGljdGlvbmFyeRIAAYagXxAPTlNLZXllZEFyY2hpdmVyAAgAEQAWAB8AKAAyADUAOgA8AEUASwBSAF0AZQBsAG8AcQBzAHYAeAB6AHwAhgCTAJgAoAMIAwoDDwMYAyMDJwM1AzwDRQOvA7QDtwPEA8kAAAAAAAACAQAAAAAAAAAoAAAAAAAAAAAAAAAAAAAD2w==}}

@incollection{Scacchi2001,
	author = {Walt Scacchi},
	Booktitle = {Encyclopedia of Software Engineering, 2nd Edition},
	Date-Added = {2009-04-21 11:43:34 -0300},
	Date-Modified = {2009-04-21 11:47:59 -0300},
	Editor = {J.J. Marciniak},
	Publisher = {John Wiley and Sons},
	Title = {Process Models in Software Engineering},
	Year = {2001},
	Bdsk-File-1 = {YnBsaXN0MDDUAQIDBAUIJidUJHRvcFgkb2JqZWN0c1gkdmVyc2lvblkkYXJjaGl2ZXLRBgdUcm9vdIABqAkKFRYXGyIjVSRudWxs0wsMDQ4RFFpOUy5vYmplY3RzV05TLmtleXNWJGNsYXNzog8QgASABqISE4ACgAOAB1lhbGlhc0RhdGFccmVsYXRpdmVQYXRo0hgNGRpXTlMuZGF0YU8RAfAAAAAAAfAAAgAADE1hY2ludG9zaCBIRAAAAAAAAAAAAAAAAAAAAMJYbgVIKwAAA5/uhxtQcm9jZXNzLU1vZGVscy1TRS1FbmN5Yy5wZGYAAAAAAAAAAAAAAAAAAAAAAAAAAAAAAAAAAAAAAAAAAAAAAAADrNOzxhNh1lBERiBDQVJPAAMABAAACSAAAAAAAAAAAAAAAAAAAAAFYSBsZXIAABAACAAAwliYNQAAABEACAAAxhOMBgAAAAEAFAOf7ocDoVr8AAfz/gAH8/EAAHBCAAIAXU1hY2ludG9zaCBIRDpVc2VyczpnYWJyaWVscm9kcmlndWVzOkRvY3VtZW50czpQcm9qZXRvIEZpbmFsOmEgbGVyOlByb2Nlc3MtTW9kZWxzLVNFLUVuY3ljLnBkZgAADgA4ABsAUAByAG8AYwBlAHMAcwAtAE0AbwBkAGUAbABzAC0AUwBFAC0ARQBuAGMAeQBjAC4AcABkAGYADwAaAAwATQBhAGMAaQBuAHQAbwBzAGgAIABIAEQAEgBQVXNlcnMvZ2FicmllbHJvZHJpZ3Vlcy9Eb2N1bWVudHMvUHJvamV0byBGaW5hbC9hIGxlci9Qcm9jZXNzLU1vZGVscy1TRS1FbmN5Yy5wZGYAEwABLwAAFQACABf//wAAgAXSHB0eH1gkY2xhc3Nlc1okY2xhc3NuYW1lox8gIV1OU011dGFibGVEYXRhVk5TRGF0YVhOU09iamVjdF8QQi4uLy4uLy4uL0RvY3VtZW50cy9Qcm9qZXRvIEZpbmFsL2EgbGVyL1Byb2Nlc3MtTW9kZWxzLVNFLUVuY3ljLnBkZtIcHSQloiUhXE5TRGljdGlvbmFyeRIAAYagXxAPTlNLZXllZEFyY2hpdmVyAAgAEQAWAB8AKAAyADUAOgA8AEUASwBSAF0AZQBsAG8AcQBzAHYAeAB6AHwAhgCTAJgAoAKUApYCmwKkAq8CswLBAsgC0QMWAxsDHgMrAzAAAAAAAAACAQAAAAAAAAAoAAAAAAAAAAAAAAAAAAADQg==}}

@book{Sommerville2007,
	Annote = {1)Introdu{\c c}{\~a}o
	Ramo da engenharia cujo foco {\'e} o desenvolvimento dentro dos custos adequandos de sistemas de software de alta qualidade. Relacionada com todos os aspectos desde a especifica{\c c}{\~a}o a manuten{\c c}{\~a}o. 
	Surgiu em 1968 com a 'crise de software' resultado da introdu{\c c}{\~a}o de circuitos integrados. O poder crescente resultou em software ordem de grandeza mais complexo que os sistemas anteriores.
	Surgiram diversas t{\'e}cnicas que facilitaram o processo de desenvolvimento e s{\~a}o utilizadas at{\'e} hoje. 
	Como muitas empresas ainda n{\~a}o aplicam as t{\'e}cnicas de engenharia de software de forma efetiva, muitos projetos produzem software de baixa confiabilidade, com atraso e com custo al{\'e}m do or{\c c}amento. 
	N{\~a}o existe abordagem ideal, precisamos de diversas abordagens para se adaptar ao n{\'u}mero de sistemas e organiza{\c c}{\~o}es existentes. 

1.1.5) Processo de Software
	O processo de software {\'e} um conjunto de pr{\'a}ticas que objetiva o desenvolvimento de um sistema de software. 
Suas principais etapas s{\~a}o:
		1) Especifica{\c c}{\~a}o - {\'E} definido o que precisa ser desenvolvido e suas restri{\c c}{\~o}es		2) Desenvolvimento - O software {\'e} projetado e programado
		3)Valida{\c c}{\~a}o - {\'E} verificado para garantir que {\'e} o que o cliente deseja
		4) Manuten{\c c}{\~a}o - {\'e} modificado para se adaptar {\`a}s mudan{\c c}as dos requisitos

Essas atividades gen{\'e}ricas podem ser organizadas de diferentes maneiras e descritas em n{\'\i}veis diferentes para diferentes tipos de software. A escolha de um processo inadequado pode reduzir a qualidade ou a utilidade do produto e/ou aumentar seu custo.

1.1.6) Modelo de Processo de Software
	Descri{\c c}{\~a}o simplificadad desse processo de software que apresenta uma vis{\~a}o dele. Incluem atividades, os produtos de software e os pap{\'e}is das pessoas. 
Alguns tipos de modelos que podem ser produzidos s{\~a}o:
Modelo de workflow: mostra seq{\"u}encia de atividades(a{\c c}{\~o}es humanas), suas entradas, sa{\'\i}das e depend{\^e}ncias.

Modelo de fluxo de dados ou modelo de atividade: processo com um conjunto de atividades que realizam transforma{\c c}{\~o}es de dados.

Modelo de papel/a{\c c}{\~a}o: representa os pap{\'e}is das pessoas e as atividades pelas quais s{\~a}o respons{\'a}veis.


Existem tr{\^e}s modelos gerais ou paradigmas de modelos de processos:
Modelo de cascata - cada atividade {\'e} representada como fase separada.O processo segue para o est{\'a}gio seguinte quando um est{\'a}gio {\'e} conclu{\'\i}do e aprovado. 

Desenvolvimento Iterativo - intercala as atividades de especifica{\c c}{\~a}o, desenvolvimento e valida{\c c}{\~a}o. 

Engenharia de softwaer baseada em componentes  - se concentra mais  na integra{\c c}{\~a}o de partes j{\'a} existentes do que na produ{\c c}{\~a}o destas desde o in{\'\i}cio.

1.1.10) Atributos de um bom software. 
	Al{\'e}m das funcionalides existem outros atributos que demostram a qualidade do software, chamados atributos n{\~a}o funcionais. Exemplos desses atributos s{\~a}o: facilidade de manuten{\c c}{\~a}o, confian{\c c}a, efici{\^e}ncia e usabilidade.


2) Sistemas Sociot{\'e}cnicos
Sistema {\'e} o conjunto intercional de componentes inter-relacionados que funcionam juntos para atingir certo objetivo
	Sistemas que utilizam software se concentram em duas categorias, divididas segundo a presen{\c c}a ou n{\~a}o de processos operacionais definidos. 
		- Sistemas t{\'e}cnicos baseados em computador	
		- sistemas sociot{\'e}cnicos 

Caracter{\'\i}sticas fundamentals:
	- Proriedades emergentes - propriedades do todo.  Estrapolam as propriedades das partes. 
	- Frequentemente n{\~a}o determin{\'\i}sticas - podem n{\~a}o produzir a mesma sa{\'\i}da para uma mesma entrada.
	-a extens{\~a}o na qual o sistema ap{\'o}ia objetivos organizacionais n{\~a}o depende apenas do sistema em si. 

Propriedades emergentes de sistemas
	Funcionais - aparecem quando todas as partes de um sistema trabalham juntas para atingir um objeito.
	N{\~a}o Funcionais - comportamento do sistema em seu ambiente operacional como confiabilidade, desempenho, seguran{\c c}a e prote{\c c}{\~a}o.

Engenharia de Sistemas
	atividade de especifica{\c c}{\~a}o, projeto, implementa{\c c}{\~a}o, valida{\c c}{\~a}o, implanta{\c c}{\~a}o e manuten{\c c}{\~a}o de sistemas sociot{\'e}cnicos. Preocupa-se com software, hardware e as intera{\c c}{\~o}es do sistema com usuario e seu ambiente. 

Defini{\c c}{\~a}o de Requisitos
	Especificam o que o sistema deve fazer(suas fun{\c c}{\~o}es e suas propriedades essenciais e desj{\'a}veis, envolvendo consultas aos clientes e usu{\'a}rios finais.
	Se concentra da deriva{\c c}{\~a}o de tr{\^e}s tipos de requisitos:
		1. requisitos funcionais abstratos - fun{\c c}{\~o}es b{\'a}sicas definidadas em n{\'\i}vel abstrato
		2. propriedades de sistema - propriedades emergentes n{\~a}o funcionais. Afetam os requisitos funcionais de todos os subsistemas.
		3. Caracter{\'\i}sticas que o sistema n{\~a}o deve apresentar.

Projeto de Sistema
	O projeto de sistema est{\'a} relacionado com a maneira como a funcionalidade ser{\'a} fornecida pelos componetes do sistema. As atividades envolvidas nesse processo s{\~a}o:
	Agrupar requisitos em grupos relacionados
	Identifcar subsistemas que podem atender aos requisitos individualmente ou coletivamente.
	Atribuir requisitos a subsistemas
	Especificar a funcionalidade de susbsistemas - as fun{\c c}{\~o}es espec{\'\i}ficas dos subsistemas s{\~a}o definidas
	Definir interfaces de subsistemas

Na pr{\'a}ticas essas fases est{\~a}o fortemnte ligados e o processo n{\~a}o {\'e} linear. Uma forma de pensar esse problema {\'e} com uma espiral com as atividades: Elicita{\c c}{\~a}o e an{\'a}lise de requisitos, projeto de arquitetura, revis{\~a}o e avalia{\c c}{\~a}o, defini{\c c}{\~a}o do problema.

Modelagem de sistema
	Durante as atividades de requisitos e projeto, os sistemas podem ser modelados como um conjunto de componentes (subsistemas) e relacionamentos entre esses componentes. 
Desenvolvimento de subsistemas
},
	author = {Ian Sommerville},
	Date-Added = {2009-04-16 20:23:25 -0300},
	Date-Modified = {2010-06-29 13:34:15 -0300},
	Edition = {8ª},
	Publisher = {Addison-Wesley},
	Title = {Engenharia de Software},
	Year = {2007}}
